<collection xmlns="http://www.loc.gov/MARC21/slim">
<record>
  <leader>01611nam0a2200325 i 450 </leader>
  <controlfield tag="001">IT\ICCU\CNCE\011440</controlfield>
  <controlfield tag="005">20071128000000.0</controlfield>
  <datafield tag="012" ind1=" " ind2=" ">
    <subfield code="a">o.os a.t: tebe prpr (C) 1522 (R)</subfield>
    <subfield code="2">fei</subfield>
  </datafield>
  <datafield tag="100" ind1=" " ind2=" ">
    <subfield code="a">19970101d1522        0itac0103    ba</subfield>
  </datafield>
  <datafield tag="101" ind1=" " ind2=" ">
    <subfield code="a">LAT</subfield>
  </datafield>
  <datafield tag="102" ind1=" " ind2=" ">
    <subfield code="a">IT</subfield>
  </datafield>
  <datafield tag="200" ind1="1" ind2=" ">
    <subfield code="a">Sanctissimi martyris Migdii episcopi Asculani officium una cum legenda</subfield>
  </datafield>
  <datafield tag="210" ind1=" " ind2=" ">
    <subfield code="a">Anconae</subfield>
    <subfield code="c">imprimebat Bernardinus Gueraldus</subfield>
    <subfield code="c">cura et impensa Io. Iacobi Benedicti</subfield>
    <subfield code="d">1522</subfield>
  </datafield>
  <datafield tag="215" ind1=" " ind2=" ">
    <subfield code="a">\16! c.</subfield>
    <subfield code="d">4ʻ</subfield>
  </datafield>
  <datafield tag="500" ind1="1" ind2="0">
    <subfield code="3">IT\ICCU\CNCE\072100</subfield>
    <subfield code="a">Officia propria sanctorum</subfield>
  </datafield>
  <datafield tag="620" ind1=" " ind2=" ">
    <subfield code="a">IT</subfield>
    <subfield code="d">Ancona</subfield>
  </datafield>
  <datafield tag="710" ind1="0" ind2="2">
    <subfield code="a">Chiesa cattolica</subfield>
    <subfield code="3">6731</subfield>
  </datafield>
  <datafield tag="712" ind1="0" ind2="0">
    <subfield code="a">Guerralda, Bernardino</subfield>
    <subfield code="3">IT\ICCU\CNCT\000425</subfield>
    <subfield code="4">650</subfield>
  </datafield>
  <datafield tag="712" ind1="0" ind2="0">
    <subfield code="a">Benedetti, Giovanni Giacomo</subfield>
    <subfield code="3">IT\ICCU\CNCT\002353</subfield>
    <subfield code="4">650</subfield>
  </datafield>
  <datafield tag="791" ind1="0" ind2="2">
    <subfield code="a">Bernardinus Vercellensis</subfield>
    <subfield code="c"> &lt;1502-1528&gt;</subfield>
    <subfield code="3">IT\ICCU\CNCT\002942</subfield>
    <subfield code="z">Guerralda, Bernardino</subfield>
  </datafield>
  <datafield tag="791" ind1="0" ind2="0">
    <subfield code="a">Vercellensis, Bernardinus</subfield>
    <subfield code="c"> &lt;1502-1528&gt;</subfield>
    <subfield code="3">IT\ICCU\CNCT\002943</subfield>
    <subfield code="z">Guerralda, Bernardino</subfield>
  </datafield>
  <datafield tag="791" ind1="0" ind2="0">
    <subfield code="a">Guiraldo, Bernardino</subfield>
    <subfield code="3">IT\ICCU\CNCT\005078</subfield>
    <subfield code="z">Guerralda, Bernardino</subfield>
  </datafield>
  <datafield tag="791" ind1="0" ind2="0">
    <subfield code="a">Guerraldus, Bernardinus</subfield>
    <subfield code="3">IT\ICCU\CNCT\005079</subfield>
    <subfield code="z">Guerralda, Bernardino</subfield>
  </datafield>
  <datafield tag="791" ind1="0" ind2="0">
    <subfield code="a">Guerarda, Bernardino</subfield>
    <subfield code="3">IT\ICCU\CNCT\005080</subfield>
    <subfield code="z">Guerralda, Bernardino</subfield>
  </datafield>
  <datafield tag="791" ind1="0" ind2="0">
    <subfield code="a">Benedictis, Ioannes Iacopus de</subfield>
    <subfield code="3">IT\ICCU\CNCT\004332</subfield>
    <subfield code="z">Benedetti, Giovanni Giacomo</subfield>
  </datafield>
  <datafield tag="791" ind1="0" ind2="0">
    <subfield code="a">Benedictus, Ioannes Iacopus</subfield>
    <subfield code="3">IT\ICCU\CNCT\004333</subfield>
    <subfield code="z">Benedetti, Giovanni Giacomo</subfield>
  </datafield>
  <datafield tag="801" ind1=" " ind2="3">
    <subfield code="a">IT</subfield>
    <subfield code="b">ICCU</subfield>
    <subfield code="c">20201113</subfield>
  </datafield>
  <datafield tag="899" ind1=" " ind2=" ">
    <subfield code="a">Biblioteca Apostolica Vaticana. Citt ̉del Vaticano</subfield>
    <subfield code="1">EX0001</subfield>
    <subfield code="2">ZCV 01</subfield>
  </datafield>
  <datafield tag="899" ind1=" " ind2=" ">
    <subfield code="a">Biblioteca nazionale centrale. Roma</subfield>
    <subfield code="1">RM0267</subfield>
    <subfield code="2">BVE CR</subfield>
  </datafield>
  <datafield tag="899" ind1=" " ind2=" ">
    <subfield code="a">Biblioteca universitaria Alessandrina. Roma</subfield>
    <subfield code="1">RM0280</subfield>
    <subfield code="2">RML 01</subfield>
  </datafield>
</record>
</collection>
